@misc{jensen:2015,
	author = {Jensen, Morten Hjort},
	title = {Computational Physics, Lecture notes Fall 2015},
	year = {2015},
	note = {\url{https://github.com/CompPhysics/ComputationalPhysics/blob/master/doc/Lectures/lectures2015.pdf},
	Visited: 7.11.2019}
}

@misc{jensen:2019,
	author = "{Department of Physics}",
	title = {Project 4, deadline November 18, Computational Physics I FYS3150/FYS4150 },
	year = {2019},
	month = {Nov.},
	publisher = {University of Oslo}, 
	address = {Norway},
	note = {\url{https://github.com/CompPhysics/ComputationalPhysics/tree/master/doc/Projects/2019/Project3/pdf},
	Visited: 7.11.2019}
}

@misc{onsager:1944,
  title = {Crystal Statistics. I. A Two-Dimensional Model with an Order-Disorder Transition},
  author = {Onsager, Lars},
  journal = {Phys. Rev.},
  volume = {65},
  issue = {3-4},
  pages = {117--149},
  numpages = {0},
  year = {1944},
  month = {Feb},
  publisher = {American Physical Society},
  doi = {10.1103/PhysRev.65.117},
  url = {https://link.aps.org/doi/10.1103/PhysRev.65.117}
}
